% acmtr.bib
% $Header: acmtr.bib,v 1.3 96/01/30 14:27:43 boyland Exp $
@article{features:2007,
author = "F. Fleuret and D. Geman",
title = "Stationary Features and Cat Detection",
journal = "Idiap Research Report",
month = oct,
year = 2007}

@article{viola:2001,
author = "Paul Viola and Michael Jones",
title = "Robust Real-time Object Detection",
year = 2001}

@article{better:2002,
author = "Rainer Lienhart and Jochen Maydt",
title = "An Extended Set of Haar-like Features for Rapid Object Detection",
year = 2002}

@article{lions:2006,
author = "Tilo Burghardt and Janko Ćaclć and Barry T. Thomas",
title = "Tracking animals in wildlife videos using face detection",
year = 2006}

@article{shape:2008,
author = "Weiwei Zhang and Jian Sun and Xiaoou Tang",
title = "Cat Head Detection - How to Effectively Exploit Shape and Texture Features",
journal = "Proc. of European Conf. Computer Vision",
volume =  "4",
pages = "802--816",
year = 2008}


@article{breed:2012,
author = "Omkar M. Parkhi, Andrea Vedaldi and Andrew Zisserman and C. V. Jawahar",
title = "Cats and Dogs",
year = 2012}


@article{edges:2011,
author = "Akihiko Yamada, Kazuhiro Kojima, Jun Kiyama and Masayoshi Okamoto and Haruhiko Murata",
title = "Directional Edge-Based Dog and Cat Face Detection Method
for Digital Camera",
journal = "IEEE International Conference on Consumer Electronics",
year = 2011}

@article{google:2012,
author = "Quoc V. Le and Marc’ Aurelio Ranzato and Rajat Monga and Matthieu Devin and Kai Chen and Greg S. Corrado and Jeff Dean and Andrew Y. Ng",
title = "Building High-level Features Using Large Scale Unsupervised Learning",
year = 2012}


@article{lbp:2007,
author = "Shengcai Liao and Xiangxin Zhu and Zhen Lei and Lun Zhang and Stan Z. Li",
title = "Learning Multi-scale Block Local Binary Patterns for Face Recognition.",
year = 2007}


@manual{LAPS:2015,
      title  = "Trap-Neuter-Return (TNR) Pilot",
      author = "LangleyAnimalProtectionSociety",
      note    = "\url{http://www.tinykittens.com/cats}",
      year   = "2015 (accessed June 22, 2015)"
    }
    
@manual{TinyKittens:2015,
      title  = "Rescue Kitten Reality TV",
      author = "TinyKittens",
      note    = "\url{http://www.tinykittens.com/}",
      year   = "2015 (accessed June 22, 2015)"
}

@manual{CritterRoom:2015,
      title  = "Foster Kitten Cam",
      author = "TheCritterRoom",
      note    = "\url{https://livestream.com/FosterKittenCam}",
      year   = "2015 (accessed June 22, 2015)"
}

@manual{CatFi:2015,
      title  = "CatFi - Smart Feeder",
      author = "ZilliansInc",
      note    = "\url{http://catfi.com/}",
      year   = "2015 (accessed June 22, 2015)"
}

@manual{PiP:2013,
      title  = "PiP - reuniting lost pets with their families",
      author = "ThePetRecognitionCompany",
      note    = "\url{http://www.petrecognition.com/}",
      year   = "2013 (accessed June 22, 2015)"
}

@manual{FujiFilm:2009,
      title  = "Auto Dogs \& Cats Detection",
      author = "FujiFilm",
      note    = "\url{http://www.fujifilm.com/products/digital_cameras/pet/}",
      year   = "2009 (accessed June 22, 2015)"
}

@manual{demo:2013,
      title  = "Kittydar - face detection for cat",
      author = "A. Heather",
      note   = "\url{http://harthur.github.io/kittydar/}",
      year   = "2013 (accessed June 22, 2015)"
}

@manual{base:2008,
      title  = "Cat database",
      author = "Weiwei Zhang and Jian Sun and Xiaoou Tang",
      note   = "\url{http://137.189.35.203/WebUI/CatDatabase/catData.html}",
      year   = "2008 (accessed June 22, 2015)"
}

@manual{vs:2013,
      title  = "Cat or Human",
      author = "ShinseungbackKimyonghun",
      note   = "\url{http://ssbkyh.com/works/cat_human/}",
      year   = "2013 (accessed June 22, 2015)"
}



@manual{cv:2015,
      title  = "OpenCV",
      author = "Itseez",
      note   = "\url{http://opencv.org/}",
      year   = "2015 (accessed June 22, 2015)"
}

@manual{python:2015,
      title  = "Python",
      author = " PythonSoftwareFoundation",
      note   = "\url{https://www.python.org/}",
      year   = "2015 (accessed June 22, 2015)"
}

@manual{sun:2015,
      title  = "Sun Database",
      author = " MIT",
      note   = "\url{http://groups.csail.mit.edu/vision/SUN/}",
      year   = "2015 (accessed June 22, 2015)"
}

